@article{ilharco2022editing,
  title={Editing models with task arithmetic},
  author={Ilharco, Gabriel and Ribeiro, Marco Tulio and Wortsman, Mitchell and Gururangan, Suchin and Schmidt, Ludwig and Hajishirzi, Hannaneh and Farhadi, Ali},
  journal={arXiv preprint arXiv:2212.04089},
  year={2022}
}

@article{yadav2023ties,
  title={Ties-merging: Resolving interference when merging models},
  author={Yadav, Prateek and Tam, Derek and Choshen, Leshem and Raffel, Colin A and Bansal, Mohit},
  journal={Advances in Neural Information Processing Systems},
  volume={36},
  pages={7093--7115},
  year={2023}
}

@inproceedings{yu2024language,
  title={Language models are super mario: Absorbing abilities from homologous models as a free lunch},
  author={Yu, Le and Yu, Bowen and Yu, Haiyang and Huang, Fei and Li, Yongbin},
  booktitle={Forty-first International Conference on Machine Learning},
  year={2024}
}

@article{yang2023adamerging,
  title={Adamerging: Adaptive model merging for multi-task learning},
  author={Yang, Enneng and Wang, Zhenyi and Shen, Li and Liu, Shiwei and Guo, Guibing and Wang, Xingwei and Tao, Dacheng},
  journal={arXiv preprint arXiv:2310.02575},
  year={2023}
}

@article{cheng2025whoever,
  title={Whoever started the interference should end it: Guiding data-free model merging via task vectors},
  author={Cheng, Runxi and Xiong, Feng and Wei, Yongxian and Zhu, Wanyun and Yuan, Chun},
  journal={arXiv preprint arXiv:2503.08099},
  year={2025}
}

@article{wei2025unifying,
  title={Unifying Multimodal Large Language Model Capabilities and Modalities via Model Merging},
  author={Wei, Yongxian and Cheng, Runxi and Jin, Weike and Yang, Enneng and Shen, Li and Hou, Lu and Du, Sinan and Yuan, Chun and Cao, Xiaochun and Tao, Dacheng},
  journal={arXiv preprint arXiv:2505.19892},
  year={2025}
}

@inproceedings{wortsman2022model,
  title={Model soups: averaging weights of multiple fine-tuned models improves accuracy without increasing inference time},
  author={Wortsman, Mitchell and Ilharco, Gabriel and Gadre, Samir Ya and Roelofs, Rebecca and Gontijo-Lopes, Raphael and Morcos, Ari S and Namkoong, Hongseok and Farhadi, Ali and Carmon, Yair and Kornblith, Simon and others},
  booktitle={International conference on machine learning},
  pages={23965--23998},
  year={2022},
  organization={PMLR}
}

@article{chen2025bring,
  title={Bring reason to vision: Understanding perception and reasoning through model merging},
  author={Chen, Shiqi and Zhang, Jinghan and Zhu, Tongyao and Liu, Wei and Gao, Siyang and Xiong, Miao and Li, Manling and He, Junxian},
  journal={arXiv preprint arXiv:2505.05464},
  year={2025}
}


% ---

@incollection{Bengio+chapter2007,
author = {Bengio, Yoshua and LeCun, Yann},
booktitle = {Large Scale Kernel Machines},
publisher = {MIT Press},
title = {Scaling Learning Algorithms Towards {AI}},
year = {2007}
}

@article{Hinton06,
author = {Hinton, Geoffrey E. and Osindero, Simon and Teh, Yee Whye},
journal = {Neural Computation},
pages = {1527--1554},
title = {A Fast Learning Algorithm for Deep Belief Nets},
volume = {18},
year = {2006}
}

@book{goodfellow2016deep,
title={Deep learning},
author={Goodfellow, Ian and Bengio, Yoshua and Courville, Aaron and Bengio, Yoshua},
volume={1},
year={2016},
publisher={MIT Press}
}



